<?xml version="1.0" encoding="UTF-8"?>
<collection xmlns:xsi="http://www.w3.org/2001/XMLSchema-instance" xsi:schemaLocation="http://www.loc.gov/MARC21/slim http://www.loc.gov/standards/marcxml/schema/MARC21slim.xsd" xmlns="http://www.loc.gov/MARC21/slim">
<record>
  <leader>00592cam a2200193 u 4500</leader>
  <controlfield tag="001">808172</controlfield>
  <controlfield tag="003">NNC</controlfield>
  <controlfield tag="005">20100311233617.0</controlfield>
  <controlfield tag="008">900123s1953    mr |||||||||||||||||ara||</controlfield>
  <datafield tag="035" ind1=" " ind2=" ">
    <subfield code="a">(OCoLC)46340773</subfield>
  </datafield>
  <datafield tag="035" ind1=" " ind2=" ">
    <subfield code="a">(OCoLC)ocm46340773</subfield>
  </datafield>
  <datafield tag="035" ind1=" " ind2=" ">
    <subfield code="a">(CStRLIN)NYCG90-B4910</subfield>
  </datafield>
  <datafield tag="035" ind1=" " ind2=" ">
    <subfield code="9">AEF9593CU</subfield>
  </datafield>
  <datafield tag="035" ind1=" " ind2=" ">
    <subfield code="a">(NNC)808172</subfield>
  </datafield>
  <datafield tag="100" ind1=" " ind2=" ">
    <subfield code="a">Bin-ʻAbd Allāh, ʻAbd al-ʻAzīz.</subfield>
  </datafield>
  <datafield tag="245" ind1="1" ind2="3">
    <subfield code="a">al-Falsafah wa-al-Akhlaq ʻinda Ibn al-Khatib /</subfield>
    <subfield code="c">bi-qalam ʻAbd al-ʻAziz ibn ʻAbd Allah.</subfield>
  </datafield>
  <datafield tag="260" ind1=" " ind2=" ">
    <subfield code="a">Titwan :</subfield>
    <subfield code="b">Dar al-Tibaʻah al-Maghribiyah,</subfield>
    <subfield code="c">1953.</subfield>
  </datafield>
  <datafield tag="300" ind1=" " ind2=" ">
    <subfield code="a">v.</subfield>
  </datafield>
  <datafield tag="600" ind1=" " ind2=" ">
    <subfield code="a">Ibn al-Khatib,</subfield>
    <subfield code="d">d. 1374.</subfield>
  </datafield>
  <datafield tag="955" ind1=" " ind2=" ">
    <subfield code="b">CU59642874</subfield>
    <subfield code="d">off,glx</subfield>
    <subfield code="e">ME20283</subfield>
  </datafield>
</record>
</collection>